@inproceedings{goodfellow2014adversarial,
  title={Generative adversarial nets},
  author={Goodfellow, Ian and Pouget-Abadie, Jean and Mirza, Mehdi and Xu, Bing and Warde-Farley, David and Ozair, Sherjil and Courville, Aaron and Bengio, Yoshua},
  booktitle={Advances in Neural Information Processing Systems},
  pages={2672--2680},
  year={2014}
}
@article{hoffman2013stochastic,
  Author = {Hoffman, Matthew D and Blei, David M and Wang, Chong and Paisley, John},
  Journal = {The Journal of Machine Learning Research},
  Number = {1},
  Pages = {1303--1347},
  Title = {Stochastic variational inference},
  Volume = {14},
  Year = {2013}}
@article{dempster1977em,
  title={Maximum likelihood from incomplete data via the EM algorithm},
  author={Dempster, Arthur P and Laird, Nan M and Rubin, Donald B},
  journal={Journal of the royal statistical society. Series B (methodological)},
  pages={1--38},
  year={1977},
  publisher={JSTOR}
}
@article{lake2016building,
author = {Lake, Brenden M and Ullman, Tomer D and Tenenbaum, Joshua B and Gershman, Samuel J},
title = {{Building Machines That Learn and Think Like People}},
journal = {arXiv.org},
year = {2016},
eprint = {1604.00289},
eprinttype = {arxiv},
month = apr
}
@article{blei2003latent,
author = {Blei, David M and Ng, Andrew Y and Jordan, Michael I},
title = {{Latent Dirichlet Allocation}},
journal = {Journal of Machine Learning Research},
year = {2003},
volume = {3},
pages = {993--1022}
}
@inproceedings{krizhevsky2012imagenet,
author = {Krizhevsky, Alex and Sutskever, Ilya and Hinton, Geoffrey E},
title = {{ImageNet Classification with Deep Convolutional Neural Networks}},
booktitle = {Neural Information Processing Systems},
year = {2012},
pages = {1097--1105}
}
@article{bengio2003neural,
author = {Bengio, Yoshua and Ducharme, R{\'e}jean and Vincent, Pascal and Janvin, Christian},
title = {{A neural probabilistic language model}},
journal = {The Journal of Machine Learning Research},
year = {2003},
volume = {3},
pages = {1137--1155},
month = mar
}
@article{hinton2006fast,
Author = {Hinton, Geoffrey E and Osindero, Simon and Teh, Yee Whye},
Journal = {Neural Computation},
Pages = {1527--1554},
Title = {{A Fast Learning Algorithm for Deep Belief Nets}},
Volume = {18},
Year = {2006}
}
@article{box1976science,
author = {Box, George E P},
title = {{Science and statistics}},
journal = {Journal of the American Statistical Association},
year = {1976},
volume = {71},
number = {356},
pages = {791--799}
}
@article{blei2014build,
author = {Blei, David M},
title = {{Build, compute, critique, repeat: Data analysis with latent variable models}},
journal = {Annual Review of Statistics and Its Application},
year = {2014}
}
@book{gelman2013bayesian,
author = {Gelman, Andrew and Carlin, John B and Stern, Hal S and Dunson, David B and Vehtari, Aki and Rubin, Donald B},
title = {{Bayesian data analysis}},
publisher = {CRC Press, Boca Raton, FL},
year = {2013},
series = {Texts in Statistical Science Series},
edition = {Third}
}
@article{mansinghka2014venture,
author = {Mansinghka, V and Selsam, D and Perov, Y},
title = {{Venture: a higher-order probabilistic programming platform with programmable inference}},
journal = {arXiv.org},
year = {2014},
eprint = {9564974291761649610related:ylcy4nCdvYQJ},
eprinttype = {scholar}
}
@article{wood2015new,
author = {Wood, Frank and van de Meent, Jan Willem and Mansinghka, Vikash},
title = {{A New Approach to Probabilistic Programming Inference}},
journal = {arXiv.org},
year = {2015},
eprint = {1507.00996v2},
eprinttype = {arxiv},
eprintclass = {stat.ML},
month = jul
}
@article{carpenter2016stan,
author = {Carpenter, Bob and Gelman, Andrew and
          Hoffman, Matthew D and Lee, Daniel and Goodrich, Ben and
          Betancourt, Michael and Brubaker, Marcus and
          Guo, Jiqiang and Li, Peter and Riddell, Allen},
journal = {Journal of Statistical Software},
title =  {{Stan: a probabilistic programming language}},
year =  {2016},
}
@article{abadi2016tensorflow,
author = {Abadi, Mart{\'\i}n and Barham, Paul and Chen, Jianmin and Chen, Zhifeng and Davis, Andy and Dean, Jeffrey and Devin, Matthieu and Ghemawat, Sanjay and Irving, Geoffrey and Isard, Michael and Kudlur, Manjunath and Levenberg, Josh and Monga, Rajat and Moore, Sherry and Murray, Derek G and Steiner, Benoit and Tucker, Paul and Vasudevan, Vijay and Warden, Pete and Wicke, Martin and Yu, Yuan and Zhang, Xiaoqiang},
title = {{TensorFlow: A system for large-scale machine learning}},
journal = {arXiv.org},
year = {2016},
eprint = {1605.08695v1},
eprinttype = {arxiv},
eprintclass = {cs.DC},
month = may
}
@article{carpenter2015stan,
  author =        {Carpenter, Bob and Hoffman, Matthew D and
                   Brubaker, Marcus and Lee, Daniel and Li, Peter and
                   Betancourt, Michael},
  journal =       {arXiv.org},
  title =         {{The Stan Math Library: Reverse-Mode Automatic
                   Differentiation in C++}},
  year =          {2015},
}
@article{jordan1999introduction,
author = {Jordan, Michael I and Ghahramani, Zoubin and Jaakkola, Tommi S and Saul, Lawrence K},
title = {{An Introduction to Variational Methods for Graphical Models}},
journal = {Machine Learning},
year = {1999},
pages = {1--51},
month = oct
}
@unpublished{goodfellow2016deep,
    title={Deep Learning},
    author={Ian Goodfellow and Yoshua Bengio and Aaron Courville},
    note={Book in preparation for MIT Press},
    url={http://www.deeplearningbook.org},
    year={2016}
}
@misc{goodman2014design,
  title = {{The Design and Implementation of Probabilistic Programming Languages}},
  author = {Goodman, Noah D and Stuhlm\"{u}ller, Andreas},
  year = {2014},
  howpublished = {\url{http://dippl.org}},
}
@article{ghahramani2015probabilistic,
  title={Probabilistic machine learning and artificial intelligence},
  author={Ghahramani, Zoubin},
  journal={Nature},
  volume={521},
  number={7553},
  pages={452--459},
  year={2015},
  publisher={Nature Publishing Group}
}
@book{murphy2012machine,
  title={Machine learning: a probabilistic perspective},
  author={Murphy, Kevin P},
  year={2012},
  publisher={MIT press}
}
@book{bishop2006pattern,
author = {Bishop, C},
title = {{Pattern Recognition and Machine Learning}},
publisher = {Springer},
year = {2006}
}

@article{dayan1995helmholtz,
  title={The helmholtz machine},
  author={Dayan, Peter and Hinton, Geoffrey E and Neal, Radford M and Zemel, Richard S},
  journal={Neural computation},
  volume={7},
  number={5},
  pages={889--904},
  year={1995},
  publisher={MIT Press}
}

@book{hjort2010bayesian,
  title={Bayesian nonparametrics},
  author={Hjort, Nils Lid and Holmes, Chris and M{\"u}ller, Peter and Walker, Stephen G},
  volume={28},
  year={2010},
  publisher={Cambridge University Press}
}

@inproceedings{stuhlmuller2013learning,
  title={Learning stochastic inverses},
  author={Stuhlm{\"u}ller, Andreas and Taylor, Jacob and Goodman, Noah},
  booktitle={Advances in neural information processing systems},
  pages={3048--3056},
  year={2013}
}

@article{bengio2013representation,
author = {Bengio, Yoshua and Courville, Aaron and Vincent, Pierre},
title = {{Representation Learning: A Review and New Perspectives}},
journal = {IEEE Transactions on Pattern Analysis and Machine Intelligence},
year = {2013},
volume = {35},
number = {8},
pages = {1798--1828}
}
@article{box1962useful,
author = {Box, George E P and Hunter, W G},
title = {{A useful method for model-building}},
journal = {Technometrics},
year = {1962},
volume = {4},
number = {3},
pages = {301--318}
}
@article{box1980sampling,
  title={Sampling and {B}ayes' inference in scientific modelling and robustness},
  author={Box, George EP},
  journal={Journal of the Royal Statistical Society. Series A (General)},
  pages={383--430},
  year={1980},
  publisher={JSTOR}
}

@article{rubin1984bayesianly,
  title={Bayesianly justifiable and relevant frequency calculations for the applied statistician},
  author={Rubin, Donald B},
  journal={The Annals of Statistics},
  volume={12},
  number={4},
  pages={1151--1172},
  year={1984},
  publisher={Institute of Mathematical Statistics}
}

@article{meng1994posterior,
  title={Posterior predictive p-values},
  author={Meng, Xiao-Li},
  journal={The Annals of Statistics},
  pages={1142--1160},
  year={1994},
  publisher={JSTOR}
}

@article{gelman1996posterior,
  title={Posterior predictive assessment of model fitness via realized discrepancies},
  author={Gelman, Andrew and Meng, Xiao-Li and Stern, Hal},
  journal={Statistica sinica},
  pages={733--760},
  year={1996},
  publisher={JSTOR}
}
@inproceedings{goodman2012church,
author = {Goodman, Noah and Mansinghka, Vikash and Roy, Daniel M and Bonawitz, Keith and Tenenbaum, Joshua B},
title = {{Church: a language for generative models}},
booktitle = {Uncertainty in Artificial Intelligence},
year = {2012},
month = jun
}
@inproceedings{hinton1993keeping,
author = {Hinton, Geoffrey E and van Camp, Drew},
title = {{Keeping the neural networks simple by minimizing the description length of the weights}},
booktitle = {Conference on Learning Theory},
year = {1993},
pages = {5--13},
publisher = {ACM},
address = {New York, New York, USA},
month = aug
}
@article{waterhouse1996bayesian,
  title={Bayesian methods for mixtures of experts},
  author={Waterhouse, Steve and MacKay, David and Robinson, Tony and others},
  journal={Advances in neural information processing systems},
  pages={351--357},
  year={1996}
}

@book{robert1999monte,
  Author = {Robert, Christian P and Casella, George},
  Publisher = {Springer},
  Title = {Monte Carlo statistical methods},
  Year = {1999}}

@article{metropolis1949monte,
  author =        {Metropolis, Nicholas and Ulam, Stanislaw},
  journal =       {Journal of the American statistical association},
  number =        {247},
  pages =         {335--341},
  publisher =     {Taylor \& Francis Group},
  title =         {The {M}onte {C}arlo method},
  volume =        {44},
  year =          {1949},
}
@article{metropolis1953equation,
  title={Equation of state calculations by fast computing machines},
  author={Metropolis, Nicholas and Rosenbluth, Arianna W and Rosenbluth, Marshall N and Teller, Augusta H and Teller, Edward},
  journal={The journal of chemical physics},
  volume={21},
  number={6},
  pages={1087--1092},
  year={1953},
  publisher={AIP Publishing}
}
@article{hastings1970monte,
  title={Monte Carlo sampling methods using Markov chains and their applications},
  author={Hastings, W Keith},
  journal={Biometrika},
  volume={57},
  number={1},
  pages={97--109},
  year={1970},
  publisher={Biometrika Trust}
}
@article{geman1984stochastic,
  title={Stochastic relaxation, Gibbs distributions, and the Bayesian restoration of images},
  author={Geman, Stuart and Geman, Donald},
  journal={IEEE Transactions on pattern analysis and machine intelligence},
  number={6},
  pages={721--741},
  year={1984},
  publisher={IEEE}
}

@misc{goodman2011probabilistic,
  title = {Probabilistic Models of Cognition},
  author = {Goodman, Noah D and Tenenbaum, Josh B},
  year = {2011},
  howpublished = {\url{http://probmods.org}},
}

@book{fisher1925statistical,
author = {Fisher, Ronald A},
title = {{Statistical Methods for Research Workers}},
publisher = {Genesis Publishing Pvt Ltd},
year = {1925}
}
@article{bayes1763essay,
author = {Bayes, T},
title = {{An Essay Toward Solving a Problem in the Doctrine of Chances. reprinted in Facsimiles of two papers by Bayes}},
journal = {Philosophical Transactions},
year = {1763},
number = {53},
pages = {370--418}
}
@article{neyman1934two,
author = {Neyman, J},
title = {{On the two different aspects of the representative method: the method of stratified sampling and the method of purposive selection}},
journal = {Journal of the Royal Statistical Society},
year = {1934},
volume = {97},
number = {4},
pages = {558}
}
@techreport{von1945first,
  title={First Draft of a Report on the EDVAC},
  author={Von Neumann, John},
  year={1945}
}
@article{turing1936computable,
  title={On computable numbers, with an application to the Entscheidungsproblem},
  author={Turing, Alan Mathison},
  journal={J. of Math},
  volume={58},
  number={345-363},
  pages={5},
  year={1936}
}

@article{alrfou2016theano,
author = {Al-Rfou, R and Alain, G and Almahairi, A},
title = {{Theano: A Python framework for fast computation of mathematical expressions}},
journal = {arXiv.org},
year = {2016},
eprint = {1EA99511-D279-4870-9E23-6F30D6683047},
eprinttype = {scholar}
}
@inproceedings{collobert2011torch7,
author = {Collobert, R and Kavukcuoglu, K},
title = {{Torch7: A matlab-like environment for machine learning}},
booktitle = {Neural Information Processing Systems},
year = {2011}
}
@misc{nervana2014neon,
  title = {neon},
  author = {{Nervana Systems}},
  year = {2014},
  howpublished = {\url{http://dippl.org}},
}
@article{minsky1975framework,
  title={A framework for representing knowledge},
  author={Minsky, Marvin},
  year={1975}
}
@article{wilkinson1973symbolic,
author = {Wilkinson, G N and Rogers, C E},
title = {{Symbolic description of factorial models for analysis of variance}},
journal = {Applied Statistics},
year = {1973},
volume = {22},
number = {3},
pages = {392}
}
@book{becker1984s,
  title={S: an interactive environment for data analysis and graphics},
  author={Becker, Richard A and Chambers, John M},
  year={1984},
  publisher={CRC Press}
}
@article{ihaka1996r,
  author = {Ross Ihaka and Robert Gentleman},
  title = {R: A Language for Data Analysis and Graphics},
  journal = {Journal of Computational and Graphical Statistics},
  year = 1996,
  volume = 5,
  number = 3,
  pages = {299--314},
  doi = {10.1080/10618600.1996.10474713}
}
@book{chambers1992statistical,
  author = {John M. Chambers and Trevor J. Hastie},
  title = {Statistical Models in {S}},
  publisher = {Chapman \& Hall},
  year = 1992,
  address = {London},
  isbn = {9780412830402},
  publisherurl = {http://www.crcpress.com/product/isbn/9780412830402},
  abstract = {This is also called the ``\emph{White Book}''.  It
                  described software for statistical modeling in S and
                  introduced the S3 version of classes and methods.},
  orderinfo = {crcpress.txt}
}
@book{kuhn1962structure,
  title={The structure of scientific revolutions},
  author={Kuhn, Thomas S},
  year={1962},
  publisher={University of Chicago press}
}
@article{popper1934logic,
  title={Logic of Scientific Discovery},
  author={Popper, Karl},
  journal={New York},
  year={1934}
}
@book{minsky1988perceptrons,
  title={Perceptrons: an introduction to computational geometry (expanded edition)},
  author={Minsky, Marvin and Papert, Seymour},
  year={1988},
  publisher={MIT Press, Cambridge, Ma}
}
@article{rosenblatt1962principles,
  title={Principles of neurodynamics},
  author={Rosenblatt, Frank},
  year={1962},
  publisher={Spartan Book}
}
@article{tukey1962future,
author = {Tukey, John W},
title = {{The Future of Data Analysis}},
journal = {Annals of Mathematical Statistics},
year = {1962},
volume = {33},
number = {1},
pages = {1--67}
}
@book{rumelhart1988parallel,
  title={Parallel distributed processing},
  author={Rumelhart, David E and McClelland, James L and PDP Research Group and others},
  volume={1},
  year={1988},
  publisher={IEEE}
}
@article{pearl1988probabilistic,
  title={Probabilistic Reasoning in Intelligent Systems: Networks of Plausible Inference},
  author={Pearl, Judea},
  year={1988},
  publisher={Morgan Kaufmann Publishers Inc.}
}
@book{cohen1995empirical,
  title={Empirical methods for artificial intelligence},
  author={Cohen, Paul R},
  volume={139},
  year={1995},
  publisher={MIT press Cambridge}
}
@article{norman1975explorations,
  title={Explorations in cognition},
  author={Norman, Donald A and Rumelhart, David E},
  year={1975},
  publisher={Freeman}
}
@book{winograd1986understanding,
  title={Understanding computers and cognition: A new foundation for design},
  author={Winograd, Terry and Flores, Fernando},
  year={1986},
  publisher={Intellect Books}
}
@article{hopfield1982neural,
  title={Neural networks and physical systems with emergent collective computational abilities},
  author={Hopfield, John J},
  journal={Proceedings of the national academy of sciences},
  volume={79},
  number={8},
  pages={2554--2558},
  year={1982},
  publisher={National Acad Sciences}
}
@book{buchanan1969heuristic,
  title={Heuristic DENDRAL: a program for generating explanatory hypotheses in organic chemistry},
  author={Buchanan, Bruce and Sutherland, Georgia and Feigenbaum, Edward A},
  year={1969},
  publisher={American Elsevier}
}
@article{spiegelhalter1995bugs,
  Author = {Spiegelhalter, David J and Thomas, Andrew and Best, Nicky G and Gilks, Wally R},
  Journal = {MRC Biostatistics Unit, Cambridge},
  Title = {{BUGS}: {B}ayesian inference using {G}ibbs sampling, Version 0.50},
  Year = {1995}}

@inproceedings{plummer2003jags,
  title={{JAGS}: a program for analysis of {B}ayesian graphical models using {G}ibbs sampling},
  author={Plummer, Martyn},
  booktitle={{International Workshop on Distributed Statistical Computing}},
  year={2003}
}
@book{friedman2001elements,
  title={The elements of statistical learning},
  author={Friedman, Jerome and Hastie, Trevor and Tibshirani, Robert},
  volume={1},
  year={2001},
  publisher={Springer series in statistics Springer, Berlin}
}
@book{mackay2003information,
  title={Information theory, inference and learning algorithms},
  author={MacKay, David JC},
  year={2003},
  publisher={Cambridge university press}
}
@book{manning1999foundations,
  title={Foundations of statistical natural language processing},
  author={Manning, Christopher D and Sch{\"u}tze, Hinrich},
  volume={999},
  year={1999},
  publisher={MIT Press}
}
@article{box1965experimental,
  title={The experimental study of physical mechanisms},
  author={Box, George EP and Hunter, William G},
  journal={Technometrics},
  volume={7},
  number={1},
  pages={23--42},
  year={1965},
  publisher={Taylor \& Francis}
}
@article{box1967discrimination,
  title={Discrimination among mechanistic models},
  author={Box, George EP and Hill, WILLIAM J},
  journal={Technometrics},
  volume={9},
  number={1},
  pages={57--71},
  year={1967},
  publisher={Taylor \& Francis Group}
}
@book{dayan2001theoretical,
  title={Theoretical neuroscience},
  author={Dayan, Peter and Abbott, Laurence F},
  volume={10},
  year={2001},
  publisher={Cambridge, MA: MIT Press}
}
@article{tenenbaum2011grow,
  title={How to grow a mind: Statistics, structure, and abstraction},
  author={Tenenbaum, Joshua B and Kemp, Charles and Griffiths, Thomas L and Goodman, Noah D},
  journal={science},
  volume={331},
  number={6022},
  pages={1279--1285},
  year={2011},
  publisher={American Association for the Advancement of Science}
}
@book{thrun2005probabilistic,
  title={Probabilistic robotics},
  author={Thrun, Sebastian and Burgard, Wolfram and Fox, Dieter},
  year={2005},
  publisher={MIT press}
}
@article{friedman2000using,
  title={Using Bayesian networks to analyze expression data},
  author={Friedman, Nir and Linial, Michal and Nachman, Iftach and Pe'er, Dana},
  journal={Journal of computational biology},
  volume={7},
  number={3-4},
  pages={601--620},
  year={2000},
  publisher={Mary Ann Liebert, Inc.}
}
@article{newell1976computer,
  title={Computer science as empirical inquiry: Symbols and search},
  author={Newell, Allen and Simon, Herbert A},
  journal={Communications of the ACM},
  volume={19},
  number={3},
  pages={113--126},
  year={1976},
  publisher={ACM}
}
@article{angelino2016patterns,
  title={Patterns of Scalable Bayesian Inference},
  author={Angelino, Elaine and Johnson, Matthew James and Adams, Ryan P},
  journal={arXiv preprint arXiv:1602.05221},
  year={2016}
}
@article{bardenet2015markov,
  title={On Markov chain Monte Carlo methods for tall data},
  author={Bardenet, R{\'e}mi and Doucet, Arnaud and Holmes, Chris},
  journal={arXiv preprint arXiv:1505.02827},
  year={2015}
}
@inproceedings{ranganath2014black,
author = {Ranganath, Rajesh and Gerrish, Sean and Blei, David M},
title = {{Black Box Variational Inference}},
booktitle = {Artificial Intelligence and Statistics},
year = {2014}
}
@inproceedings{rezende2014stochastic,
author = {Rezende, Danilo J and Mohamed, Shakir and Wierstra, Daan},
title = {{Stochastic Backpropagation and Approximate Inference in Deep Generative Models}},
booktitle = {International Conference on Machine Learning},
year = {2014}
}
@book{koller2009probabilistic,
  title={Probabilistic graphical models: principles and techniques},
  author={Koller, Daphne and Friedman, Nir},
  year={2009},
  publisher={MIT press}
}
@inproceedings{welling2011bayesian,
author = {Welling, Max and Teh, Yee Whye},
title = {{Bayesian learning via stochastic gradient Langevin dynamics}},
booktitle = {International Conference on Machine Learning},
year = {2011}
}
@techreport{neal1993probabilistic,
author = {Neal, R M},
title = {{Probabilistic Inference using Markov Chain Monte Carlo Methods}},
year = {1993}
}
@techreport{neal1990learning,
author = {Neal, Radford M},
title = {{Learning Stochastic Feedforward Networks}},
year = {1990}
}
@misc{chollet2015keras,
  title={Keras},
  author={Chollet, Fran\c{c}ois},
  year={2015},
  publisher={GitHub},
  howpublished={\url{https://github.com/fchollet/keras}},
}
@misc{lasagne,
  author       = {Sander Dieleman and
                  Jan Schlüter and
                  Colin Raffel and
                  Eben Olson and
                  Søren Kaae Sønderby and
                  Daniel Nouri and
                  Daniel Maturana and
                  Martin Thoma and
                  Eric Battenberg and
                  Jack Kelly and
                  Jeffrey De Fauw and
                  Michael Heilman and
                  Diogo Moitinho de Almeida and
                  Brian McFee and
                  Hendrik Weideman and
                  Gábor Takács and
                  Peter de Rivaz and
                  Jon Crall and
                  Gregory Sanders and
                  Kashif Rasul and
                  Cong Liu and
                  Geoffrey French and
                  Jonas Degrave},
  title        = {Lasagne: First release.},
  month        = aug,
  year         = 2015,
  doi          = {10.5281/zenodo.27878},
  url          = {http://dx.doi.org/10.5281/zenodo.27878}
}
@inproceedings{goodfellow2014generative,
author = {Goodfellow, Ian and Pouget-Abadie, Jean and Mirza, M and Xu, Bing and Warde-Farley, David and Ozair, Sherjil and Courville, Aaron and Bengio, Yoshua},
title = {{Generative adversarial nets}},
booktitle = {Neural Information Processing Systems},
year = {2014}
}

@article{wu2016swift,
author = {Wu, Yi and Li, Lei and Russell, Stuart and Bodik, Rastislav},
title = {Swift: {C}ompiled Inference for Probabilistic Programming Languages},
journal = {arXiv preprint arXiv:1606.09242},
year = {2016},
}

@article{doucet2000on,
  author = {Doucet, Arnaud and Godsill, Simon and Andrieu, Christophe},
  title = {{On sequential Monte Carlo sampling methods for Bayesian filtering}},
  journal = {Statistics and Computing},
  year = {2000},
  volume = {10},
  number = {3},
  pages = {197--208}
}

@inproceedings{broderick2013streaming,
  author = {Broderick, Tamara and Boyd, Nicholas and Wibisono, Andre and Wilson, Ashia C and Jordan, Michael I},
  title = {Streaming Variational {B}ayes},
  booktitle = {Neural Information Processing Systems},
  year = {2013},
}

@inproceedings{mcinerney2015population,
  author = {McInerney, James and Ranganath, Rajesh and Blei, David M},
  title = {{The Population Posterior and Bayesian Inference on Streams}},
  booktitle = {Neural Information Processing Systems},
  year = {2015}
}

@inproceedings{binder1997space,
  title={Space-efficient inference in dynamic probabilistic networks},
  author={Binder, John and Murphy, Kevin and Russell, Stuart},
  booktitle={International Joint Conference on Artificial Intelligence},
  year={1997},
}

@inproceedings{johnson2014stochastic,
  title={Stochastic Variational Inference for {B}ayesian Time Series Models},
  author={Johnson, Matthew and Willsky, Alan S},
  booktitle={International Conference on Machine Learning},
  year={2014}
}

@inproceedings{foti2014stochastic,
  title={Stochastic variational inference for hidden {M}arkov models},
  author={Foti, Nicholas and Xu, Jason and Laird, Dillon and Fox, Emily},
  booktitle={Neural Information Processing Systems},
  year={2014}
}

@article{wang2013variational,
  title={Variational inference in nonconjugate models},
  author={Wang, Chong and Blei, David M},
  journal={Journal of Machine Learning Research},
  volume={14},
  pages={1005--1031},
  year={2013}
}

@article{johnson2016composing,
  author = {Johnson, Matthew J and Duvenaud, David and Wiltschko, Alexander B and Datta, Sandeep R and Adams, Ryan P},
  title = {{Composing graphical models with neural networks for structured representations and fast inference}},
  journal = {arXiv preprint arXiv:1603.06277},
  year = {2016},
}

@inproceedings{wang2012truncation,
  title={Truncation-free online variational inference for Bayesian nonparametric models},
  author={Wang, Chong and Blei, David M},
  booktitle={Neural Information Processing Systems},
  pages={413--421},
  year={2012}
}

@article{andrieu2009pseudo,
  title={The pseudo-marginal approach for efficient Monte Carlo computations},
  author={Andrieu, Christophe and Roberts, Gareth O},
  journal={The Annals of Statistics},
  pages={697--725},
  year={2009},
  publisher={JSTOR}
}

@article{rue2009approximate,
  title={Approximate Bayesian inference for latent Gaussian models by using integrated nested Laplace approximations},
  author={Rue, H{\aa}vard and Martino, Sara and Chopin, Nicolas},
  journal={Journal of the royal statistical society: Series b (statistical methodology)},
  volume={71},
  number={2},
  pages={319--392},
  year={2009},
  publisher={Wiley Online Library}
}

@inproceedings{minka2001expectation,
  title={Expectation propagation for approximate Bayesian inference},
  author={Minka, Thomas P.},
  booktitle={Proceedings of the Seventeenth conference on Uncertainty in artificial intelligence},
  pages={362--369},
  year={2001},
  organization={Morgan Kaufmann Publishers Inc.}
}

@inproceedings{neal1993new,
    author = {Radford M. Neal and Geoffrey E. Hinton},
    title = {A New View of the EM Algorithm that Justifies Incremental and Other Variants},
    booktitle = {Learning in Graphical Models},
    year = {1993},
    pages = {355--368},
}

@article{hinton2002training,
  title={Training products of experts by minimizing contrastive divergence},
  author={Hinton, Geoffrey E.},
  journal={Neural Computation},
  volume={14},
  number={8},
  pages={1771--1800},
  year={2002},
  publisher={MIT Press}
}

@article{gelman2014expectation,
  author = {Gelman, Andrew and Vehtari, Aki and Jyl{\"a}nki, Pasi and Robert, Christian and Chopin, Nicolas and Cunningham, John P},
  title = {{Expectation propagation as a way of life}},
  journal = {arXiv preprint arXiv:1412.4869},
  year = {2014},
}

@book{newman2010networks,
  title={Networks: An Introduction},
  author={Newman, Mark},
  year={2010},
  publisher={Oxford University Press}
}

@article{goldenberg2010survey,
author = {Goldenberg, Anna and Zheng, Alice X and Fienberg, Stephen E and Airoldi, Edoardo M},
title = {{A survey of statistical network models}},
journal = {Foundations and Trends in Machine Learning},
year = {2010}
}

@article{gneiting2007strictly,
  Author = {Gneiting, Tilmann and Raftery, Adrian E},
  Journal = {Journal of the American Statistical Association},
  Number = {477},
  Pages = {359--378},
  Title = {Strictly proper scoring rules, prediction, and estimation},
  Volume = {102},
  Year = {2007}}

@article{winkler1996scoring,
author = {Winkler, R L},
title = {{Scoring rules and the evaluation of probabilities}},
journal = {Test},
year = {1996},
volume = {5},
number = {1},
pages = {1--60}
}

@article{neal2011mcmc,
author = {Neal, Radford M},
title = {{MCMC using Hamiltonian dynamics}},
journal = {Handbook of Markov Chain Monte Carlo},
year = {2011}
}

@incollection{doucet2001introduction,
  title={An introduction to sequential Monte Carlo methods},
  author={Doucet, Arnaud and De Freitas, Nando and Gordon, Neil},
  booktitle={Sequential Monte Carlo methods in practice},
  pages={3--14},
  year={2001},
  publisher={Springer}
}

@article{gelfand1990sampling,
  title={Sampling-based approaches to calculating marginal densities},
  author={Gelfand, Alan E and Smith, Adrian FM},
  journal={Journal of the American statistical association},
  volume={85},
  number={410},
  pages={398--409},
  year={1990},
  publisher={Taylor \& Francis Group}
}
