@article{hoffman2013stochastic,
  Author = {Hoffman, Matthew D and Blei, David M and Wang, Chong and Paisley, John},
  Journal = {The Journal of Machine Learning Research},
  Number = {1},
  Pages = {1303--1347},
  Title = {Stochastic variational inference},
  Volume = {14},
  Year = {2013}
}
@article{abadi2016tensorflow,
author = {Abadi, Mart{\'\i}n and Barham, Paul and Chen, Jianmin and Chen, Zhifeng and Davis, Andy and Dean, Jeffrey and Devin, Matthieu and Ghemawat, Sanjay and Irving, Geoffrey and Isard, Michael and Kudlur, Manjunath and Levenberg, Josh and Monga, Rajat and Moore, Sherry and Murray, Derek G and Steiner, Benoit and Tucker, Paul and Vasudevan, Vijay and Warden, Pete and Wicke, Martin and Yu, Yuan and Zhang, Xiaoqiang},
title = {{TensorFlow: A system for large-scale machine learning}},
journal = {arXiv preprint arXiv:1605.08695},
year = {2016}
}
@inproceedings{rezende2014stochastic,
author = {Rezende, Danilo J and Mohamed, Shakir and Wierstra, Daan},
title = {Stochastic Backpropagation and Approximate Inference in Deep Generative Models},
booktitle = {International Conference on Machine Learning},
year = {2014}
}
@inproceedings{kingma2014autoencoding,
author = {Kingma, Diederik P and Welling, Max},
title = {Auto-Encoding Variational {B}ayes},
booktitle = {International Conference on Learning Representations},
year = {2014}
}
@article{lecun1989backpropagation,
  title={Backpropagation applied to handwritten zip code recognition},
  author={LeCun, Yann and Boser, Bernhard and Denker, John S and Henderson, Donnie and Howard, Richard E and Hubbard, Wayne and Jackel, Lawrence D},
  journal={Neural Computation},
  volume={1},
  number={4},
  pages={541--551},
  year={1989},
  publisher={MIT Press}
}
@article{alrfou2016theano,
author = {Al-Rfou, R and Alain, G and Almahairi, A},
title = {{Theano: A Python framework for fast computation of mathematical expressions}},
journal = {arXiv preprint arXiv:1605.02688},
year = {2016},
}
@book{gelman2013bayesian,
author = {Gelman, Andrew and Carlin, John B and Stern, Hal S and Dunson, David B and Vehtari, Aki and Rubin, Donald B},
title = {{Bayesian data analysis}},
publisher = {CRC Press, Boca Raton, FL},
year = {2013},
series = {Texts in Statistical Science Series},
edition = {Third}
}
@article{box1976science,
author = {Box, George E P},
title = {{Science and statistics}},
journal = {Journal of the American Statistical Association},
year = {1976},
volume = {71},
number = {356},
pages = {791--799}
}
@article{box1962useful,
author = {Box, George E P and Hunter, W G},
title = {{A useful method for model-building}},
journal = {Technometrics},
year = {1962},
volume = {4},
number = {3},
pages = {301--318}
}
@article{blei2006variational,
author = {Blei, David M and Jordan, Michael I},
title = {{Variational inference for Dirichlet process mixtures}},
journal = {Bayesian Analysis},
year = {2006},
volume = {1},
number = {1},
pages = {121--143},
month = mar
}
@article{neal2011mcmc,
author = {Neal, Radford M},
title = {{MCMC using Hamiltonian dynamics}},
journal = {Handbook of Markov Chain Monte Carlo},
year = {2011}
}
@article{carpenter2016stan,
author = {Carpenter, Bob and Gelman, Andrew and Hoffman, Matthew D and Lee, Daniel and Goodrich, Ben and Betancourt, Michael and Brubaker, Marcus and Guo, Jiqiang and Li, Peter and Riddell, Allen},
title = {Stan: {A} probabilistic programming language},
journal = {Journal of Statistical Software},
year = {2016}
}
@article{kucukelbir2016automatic,
  title = {Automatic differentiation variational inference},
  author = {Alp Kucukelbir and Dustin Tran and Rajesh Ranganath and Andrew Gelman and David M. Blei},
  journal = {arXiv preprint arXiv:1603.00788},
  year={2016},
}
@inproceedings{dean2012large,
  title={Large scale distributed deep networks},
  author={Dean, Jeffrey and Corrado, Greg and Monga, Rajat and Chen, Kai and Devin, Matthieu and Mao, Mark and Senior, Andrew and Tucker, Paul and Yang, Ke and Le, Quoc V and others},
  booktitle={Advances in neural information processing systems},
  pages={1223--1231},
  year={2012}
}
@inproceedings{li2014scaling,
  title={Scaling distributed machine learning with the parameter server},
  author={Li, Mu and Andersen, David G and Park, Jun Woo and Smola, Alexander J and Ahmed, Amr and Josifovski, Vanja and Long, James and Shekita, Eugene J and Su, Bor-Yiing},
  booktitle={11th USENIX Symposium on Operating Systems Design and Implementation (OSDI 14)},
  pages={583--598},
  year={2014}
}
@inproceedings{tristan2014augur,
  title={Augur: Data-parallel probabilistic modeling},
  author={Tristan, Jean-Baptiste and Huang, Daniel and Tassarotti, Joseph and Pocock, Adam C and Green, Stephen and Steele, Guy L},
  booktitle={Neural Information Processing Systems},
  year={2014}
}
@inproceedings{gregor2015draw,
author = {Gregor, Karol and Danihelka, Ivo and Graves, Alex and Rezende, Danilo J and Wierstra, Daan},
title = {{DRAW}: {A} Recurrent Neural Network For Image Generation},
booktitle = {International Conference on Machine Learning},
year = {2015}
}
@inproceedings{rezende2016one,
author = {Rezende, Danilo Jimenez and Mohamed, Shakir and Danihelka, Ivo and Gregor, Karol and Wierstra, Daan},
title = {One-Shot Generalization in Deep Generative Models},
booktitle = {International Conference on Machine Learning},
year = {2016},
}
@inproceedings{rezende2015variational,
author = {Rezende, Danilo J and Mohamed, Shakir},
title = {Variational Inference with Normalizing Flows},
booktitle = {International Conference on Machine Learning},
year = {2015}
}
@inproceedings{tran2016variational,
author = {Tran, Dustin and Ranganath, Rajesh and Blei, David M.},
title = {The Variational {G}aussian Process},
booktitle = {International Conference on Learning Representations},
year = {2016}
}
@inproceedings{li2016variational,
author = {Li, Yingzhen and Turner, Richard E},
title = {Variational Inference with {R}{\'e}nyi Divergence},
booktitle = {Neural Information Processing Systems},
year = {2016}
}
@inproceedings{ranganath2016operator,
author = {Ranganath, Rajesh and Altosaar, Jaan and Tran, Dustin and Blei, David M.},
title = {Operator variational inference},
booktitle = {Neural Information Processing Systems},
year = {2016}
}
@inproceedings{kingma2016improving,
author = {Kingma, Diederik P and Salimans, Tim and Welling, Max},
title = {Improving Variational Inference with Inverse Autoregressive Flow},
booktitle = {Neural Information Processing Systems},
year = {2016}
}
@inproceedings{dieng2016chi,
  author = {Dieng, Adji B. and Tran, Dustin and Ranganath, Rajesh and Paisley, John and Blei, David M.},
  title = {$\chi$-divergence for Approximate Inference},
  booktitle = {arXiv preprint arXiv:1611.00328},
  year = {2016}
}
@inproceedings{burda2016importance,
author = {Burda, Yuri and Grosse, Roger and Salakhutdinov, Ruslan},
title = {Importance Weighted Autoencoders},
booktitle = {International Conference on Learning Representations},
year = {2016}
}
@inproceedings{kingma2014semi,
  title={Semi-supervised learning with deep generative models},
  author={Kingma, Diederik P and Mohamed, Shakir and Rezende, Danilo Jimenez and Welling, Max},
  booktitle={Neural Information Processing Systems},
  year={2014}
}
@inproceedings{rudolph2016exponential,
author = {Rudolph, Maja R and Ruiz, Francisco J R and Mandt, Stephan and Blei, David M},
title = {Exponential Family Embeddings},
booktitle = {Neural Information Processing Systems},
year = {2016}
}
@inproceedings{ranganath2016hierarchical,
author = {Ranganath, Rajesh and Tran, Dustin and Blei, David M},
title = {Hierarchical Variational Models},
booktitle = {International Conference on Machine Learning},
year = {2016}
}
@inproceedings{goodfellow2014generative,
author = {Goodfellow, Ian and Pouget-Abadie, Jean and Mirza, M and Xu, Bing and Warde-Farley, David and Ozair, Sherjil and Courville, Aaron and Bengio, Yoshua},
title = {Generative adversarial nets},
booktitle = {Neural Information Processing Systems},
year = {2014}
}
@inproceedings{gonzalez2011parallel,
  title={Parallel Gibbs Sampling: From Colored Fields to Thin Junction Trees},
  author={Gonzalez, Joseph and Low, Yucheng and Gretton, Arthur and Guestrin, Carlos},
  booktitle={Artificial Intelligence and Statistics},
  year={2011}
}
@inproceedings{wolfe2008fully,
  title={Fully distributed {EM} for very large datasets},
  author={Wolfe, Jason and Haghighi, Aria and Klein, Dan},
  booktitle={International Conference on Machine Learning},
  year={2008},
}
@article{zheng2014model,
  title={Model-parallel inference for big topic models},
  author={Zheng, Xun and Kim, Jin Kyu and Ho, Qirong and Xing, Eric P},
  journal={arXiv preprint arXiv:1411.2305},
  year={2014}
}
@article{wang2013variational,
  title={Variational inference in nonconjugate models},
  author={Wang, Chong and Blei, David M},
  journal={Journal of Machine Learning Research},
  volume={14},
  pages={1005--1031},
  year={2013}
}

@inproceedings{wang2012truncation,
  title={Truncation-free online variational inference for {B}ayesian nonparametric models},
  author={Wang, Chong and Blei, David M},
  booktitle={Neural Information Processing Systems},
  pages={413--421},
  year={2012}
}

@article{andrieu2009pseudo,
  title={The pseudo-marginal approach for efficient {M}onte {C}arlo computations},
  author={Andrieu, Christophe and Roberts, Gareth O},
  journal={The Annals of Statistics},
  pages={697--725},
  year={2009},
}

@book{koller2009probabilistic,
  title={Probabilistic Graphical Models: Principles and Techniques},
  author={Koller, Daphne and Friedman, Nir},
  year={2009},
  publisher={MIT press}
}

@article{rue2009approximate,
  title={Approximate {B}ayesian inference for latent {G}aussian models
  by using integrated nested {L}aplace approximations},
  author={Rue, H{\aa}vard and Martino, Sara and Chopin, Nicolas},
  journal={Journal of the Royal Statistical Society: Series B},
  volume={71},
  number={2},
  pages={319--392},
  year={2009},
}

@inproceedings{minka2001expectation,
  title={Expectation propagation for approximate {B}ayesian inference},
  author={Minka, Thomas P},
  booktitle={Uncertainty in Artificial Intelligence},
  year={2001},
}
@inproceedings{goodman2012church,
author = {Goodman, Noah and Mansinghka, Vikash and Roy, Daniel M and Bonawitz, Keith and Tenenbaum, Joshua B},
title = {Church: {A} language for generative models},
booktitle = {Uncertainty in Artificial Intelligence},
year = {2012},
}
@inproceedings{schulman2015gradient,
author = {Schulman, John and Heess, Nicolas and Weber, Theophane and Abbeel, Pieter},
title = {{Gradient Estimation Using Stochastic Computation Graphs}},
booktitle = {Neural Information Processing Systems},
year = {2015}
}
@article{ackerman2010computability,
  title={On the computability of conditional probability},
  author={Ackerman, Nathanael L and Freer, Cameron E and Roy, Daniel M},
  journal={arXiv preprint arXiv:1005.3014},
  year={2010}
}
@article{zinkov2016composing,
author = {Zinkov, Robert and Shan, Chung-chieh},
title = {{Composing inference algorithms as program transformations}},
journal = {arXiv preprint arXiv:1603.01882},
year = {2016},
}
@inproceedings{scibior2015practical,
author = {{\'{S}}cibior, Adam and Ghahramani, Zoubin and Gordon, Andrew D},
title = {{Practical probabilistic programming with monads}},
booktitle = {the 8th ACM SIGPLAN Symposium},
year = {2015},
pages = {165--176},
publisher = {ACM Press},
address = {New York, New York, USA}
}

@article{wingate2011lightweight,
author = {Wingate, D and Stuhlm{\"u}ller, A and Goodman, N D},
title = {{Lightweight Implementations of Probabilistic Programming Languages Via Transformational Compilation.}},
journal = {Artificial Intelligence and Statistics},
year = {2011}
}
@article{minsky1975framework,
  title={A framework for representing knowledge},
  author={Minsky, Marvin},
  year={1975}
}
@article{hopfield1982neural,
  title={Neural networks and physical systems with emergent collective computational abilities},
  author={Hopfield, John J},
  journal={Proceedings of the National Academy of Sciences},
  volume={79},
  number={8},
  pages={2554--2558},
  year={1982},
  publisher={National Acad Sciences}
}
@book{rumelhart1988parallel,
  title={Parallel distributed processing},
  author={Rumelhart, David E and McClelland, James L and PDP Research Group and others},
  volume={1},
  year={1988},
  publisher={IEEE}
}
@techreport{culler1986dataflow,
  title={Dataflow Architectures.},
  author={Culler, David E},
  year={1986},
  institution={DTIC Document}
}
@inproceedings{chilimbi2014project,
  title={Project adam: Building an efficient and scalable deep learning training system},
  author={Chilimbi, Trishul and Suzue, Yutaka and Apacible, Johnson and Kalyanaraman, Karthik},
  booktitle={11th USENIX Symposium on Operating Systems Design and Implementation (OSDI 14)},
  pages={571--582},
  year={2014}
}
@inproceedings{monga2012building,
  title={Building high-level features using large scale unsupervised learning},
  author={Monga, Rajat and Devin, Matthieu and Chen, Kai and Corrado, Greg and Dean, Jeff and Le, Quoc V and Ng, Andrew Y},
  booktitle={International Conference on Machine Learning},
  year={2012}
}
@inproceedings{krizhevsky2012imagenet,
  title={Imagenet classification with deep convolutional neural networks},
  author={Krizhevsky, Alex and Sutskever, Ilya and Hinton, Geoffrey E},
  booktitle={Neural Information Processing Systems},
  year={2012}
}
@article{jouppi2016google,
  title={Google supercharges machine learning tasks with {TPU} custom chip},
  author={Jouppi, N},
  journal={Google Blog, May},
  volume={18},
  year={2016}
}
@article{bengio2013representation,
author = {Bengio, Yoshua and Courville, Aaron and Vincent, Pierre},
title = {{Representation Learning: A Review and New Perspectives}},
journal = {IEEE Transactions on Pattern Analysis and Machine Intelligence},
year = {2013},
volume = {35},
number = {8},
pages = {1798--1828}
}
@article{lake2016building,
author = {Lake, Brenden M and Ullman, Tomer D and Tenenbaum, Joshua B and Gershman, Samuel J},
title = {Building Machines That Learn and Think Like People},
journal = {arXiv preprint arXiv:1604.00289},
year = {2016},
}
@article{ghahramani2015probabilistic,
  title={Probabilistic machine learning and artificial intelligence},
  author={Ghahramani, Zoubin},
  journal={Nature},
  volume={521},
  number={7553},
  pages={452--459},
  year={2015},
  publisher={Nature Publishing Group}
}
@article{tran2016edward,
  author = {Dustin Tran and Alp Kucukelbir and Adji B. Dieng and Maja Rudolph and Dawen Liang and David M. Blei},
  title = {{Edward: A library for probabilistic modeling, inference, and criticism}},
  journal = {arXiv preprint arXiv:1610.09787},
  year = {2016},
}
@article{wu2016swift,
author = {Wu, Yi and Li, Lei and Russell, Stuart and Bodik, Rastislav},
title = {Swift: {C}ompiled Inference for Probabilistic Programming Languages},
journal = {arXiv preprint arXiv:1606.09242},
year = {2016},
}
@article{fischer2003autobayes,
  title={Auto{B}ayes: {A} system for generating data analysis programs from statistical models},
  author={Fischer, Bernd and Schumann, Johann},
  journal={Journal of Functional Programming},
  volume={13},
  number={03},
  pages={483--508},
  year={2003},
  publisher={Cambridge Univ Press}
}
@article{mansinghka2014venture,
author = {Mansinghka, V and Selsam, D and Perov, Y},
title = {Venture: {A} higher-order probabilistic programming platform with programmable inference},
journal = {arXiv.org},
year = {2014},
eprint = {9564974291761649610related:ylcy4nCdvYQJ},
eprinttype = {scholar}
}
@article{spiegelhalter1995bugs,
  Author = {Spiegelhalter, David J and Thomas, Andrew and Best, Nicky G and Gilks, Wally R},
  Journal = {MRC Biostatistics Unit, Cambridge},
  Title = {{BUGS}: {B}ayesian inference using {G}ibbs sampling, Version 0.50},
  Year = {1995}}

@inproceedings{plummer2003jags,
  title={{JAGS}: {A} program for analysis of {B}ayesian graphical models using {G}ibbs sampling},
  author={Plummer, Martyn},
  booktitle={{International Workshop on Distributed Statistical Computing}},
  year={2003}
}
@misc{InferNET14,
author = {Minka, T. and Winn, J.M. and Guiver, J.P. and Webster, S. and Zaykov, Y. and Yangel, B. and Spengler, A. and  Bronskill, J.},
title = {{Infer.NET 2.6}},
year = 2014,
note = {Microsoft Research Cambridge. http://research.microsoft.com/infernet}
}
@unpublished{goodfellow2016deep,
    title={Deep Learning},
    author={Ian Goodfellow and Yoshua Bengio and Aaron Courville},
    note={Book in preparation for MIT Press},
    url={http://www.deeplearningbook.org},
    year={2016}
}
@article{pfeffer2009figaro,
  title={Figaro: An object-oriented probabilistic programming language},
  author={Pfeffer, Avi},
  journal={Charles River Analytics Technical Report},
  volume={137},
  year={2009}
}
@inproceedings{milch2005blog,
  title={BLOG},
  author={Milch, Brian and Marthi, Bhaskara and Russell, Stuart and Sontag, David and Ong, Daniel L and Kolobov, Andrey},
  booktitle={International Joint Conference on Artificial Intelligence},
  year={2005}
}
@inproceedings{wood2014new,
author = {Wood, Frank and van de Meent, Jan Willem and Mansinghka, Vikash},
title = {A New Approach to Probabilistic Programming Inference},
booktitle = {Artificial Intelligence and Statistics},
year = {2014},
}
@misc{goodman2014design,
  title = {The Design and Implementation of Probabilistic Programming Languages},
  author = {Goodman, Noah D and Stuhlm\"{u}ller, Andreas},
  year = {2014},
  howpublished = {\url{http://dippl.org}},
}
@article{murphy2001bayes,
  title={The {B}ayes net toolbox for {M}atlab},
  author={Murphy, Kevin},
  journal={Computing Science and Statistics},
  volume={33},
  number={2},
  pages={1024--1034},
  year={2001}
}
@inproceedings{pfeffer2001ibal,
  title={{IBAL}: A probabilistic rational programming language},
  author={Pfeffer, Avi},
  booktitle={International Joint Conference on Artificial Intelligence},
  pages={733--740},
  year={2001},
  organization={Citeseer}
}
@article{tran2016discussion,
  title = {Discussion of ``{F}ast Approximate Inference for Arbitrarily Large Semiparametric Regression Models via Message Passing''},
  author = {Dustin Tran and David M. Blei},
  journal={arXiv preprint arXiv:1609.05615},
  year={2016},
}
@article{teh2015distributed,
  title={Distributed Bayesian Learning with Stochastic Natural-gradient Expectation Propagation and the Posterior Server},
  author={Teh, Yee Whye and Hasenclever, Leonard and Lienart, Thibaut and Vollmer, Sebastian and Webb, Stefan and Lakshminarayanan, Balaji and Blundell, Charles},
  journal={arXiv preprint arXiv:1512.09327},
  year={2015}
}
@inproceedings{neal1993new,
    author = {Radford M. Neal and Geoffrey E. Hinton},
    title = {A New View of the {EM} Algorithm that Justifies Incremental and Other Variants},
    booktitle = {Learning in Graphical Models},
    year = {1993},
    pages = {355--368},
    publisher = {Kluwer Academic Publishers}
}
@article{johnson2016composing,
  title={Composing graphical models with neural networks for structured representations and fast inference},
  author={Johnson, Matthew J and Duvenaud, David and Wiltschko, Alexander B and Datta, Sandeep R and Adams, Ryan P},
  journal={arXiv preprint arXiv:1603.06277},
  year={2016}
}
@article{ritchie2016deep,
author = {Ritchie, Daniel and Horsfall, Paul and Goodman, Noah D},
title = {Deep Amortized Inference for Probabilistic Programs},
journal = {arXiv preprint arXiv:1610.05735},
year = {2016},
}
@inproceedings{narayanan2016probabilistic,
  title={Probabilistic Inference by Program Transformation in Hakaru (System Description)},
  author={Narayanan, Praveen and Carette, Jacques and Romano, Wren and Shan, Chung-chieh and Zinkov, Robert},
  booktitle={International Symposium on Functional and Logic Programming},
  pages={62--79},
  year={2016},
  organization={Springer}
}
@inproceedings{kiselyov2009embedded,
  title={Embedded probabilistic programming},
  author={Kiselyov, Oleg and Shan, Chung-Chieh},
  booktitle={Domain-Specific Languages},
  pages={360--384},
  year={2009},
  organization={Springer}
}
@article{salvatier2015probabilistic,
author = {Salvatier, John and Wiecki, Thomas and Fonnesbeck, Christopher},
title = {{Probabilistic Programming in Python using PyMC}},
journal = {arXiv preprint arXiv:1507.08050},
year = {2015},
}
@article{smola2010architecture,
  title={An architecture for parallel topic models},
  author={Smola, Alexander and Narayanamurthy, Shravan},
  journal={Proceedings of the VLDB Endowment},
  volume={3},
  number={1-2},
  pages={703--710},
  year={2010},
  publisher={VLDB Endowment}
}
@article{newman2009distributed,
  title={Distributed algorithms for topic models},
  author={Newman, David and Asuncion, Arthur and Smyth, Padhraic and Welling, Max},
  journal={Journal of Machine Learning Research},
  volume={10},
  number={Aug},
  pages={1801--1828},
  year={2009}
}
@article{liu2011plda,
  title={Plda+: Parallel latent {D}irichlet allocation with data placement and pipeline processing},
  author={Liu, Zhiyuan and Zhang, Yuzhou and Chang, Edward Y and Sun, Maosong},
  journal={ACM Transactions on Intelligent Systems and Technology (TIST)},
  volume={2},
  number={3},
  pages={26},
  year={2011},
  publisher={ACM}
}
@misc{chollet2015keras,
  title={Keras},
  author={Chollet, Fran\c{c}ois},
  year={2015},
  publisher={GitHub},
  howpublished={\url{https://github.com/fchollet/keras}},
}
@misc{stuhlmueller2012forest,
  title={Forest: A repository for generative models},
  author={Stuhlm{\"u}ller, Andreas},
  year={2012},
  url={http://forestdb.org},
}
@misc{guadarrama2016tensorflow,
  title={Tensor{F}low {S}lim},
  author={Sergio Guadarrama and Nathan Silberman},
  year={2016},
  publisher={GitHub},
}
@techreport{ackerman2015exchangeable,
author = {Ackerman, Nate L and Freer, Cameron E and Roy, Daniel M},
title = {Exchangeable Random Primitives},
year = {2015}
}
@article{jia2014caffe,
author = {Jia, Yangqing and Shelhamer, Evan and Donahue, Jeff and Karayev, Sergey and Long, Jonathan and Girshick, Ross and Guadarrama, Sergio and Darrell, Trevor},
title = {Caffe: {C}onvolutional Architecture for Fast Feature Embedding},
journal = {arXiv preprint arXiv:1408.5093},
year = {2014},
}
@article{hinton1994autoencoders,
  title={Autoencoders, minimum description length, and Helmholtz free energy},
  author={Hinton, Geoffrey E and Zemel, Richard S},
  journal={Advances in neural information processing systems},
  pages={3--3},
  year={1994},
  publisher={Citeseer}
}
@article{dayan1995helmholtz,
  title={The {H}elmholtz machine},
  author={Dayan, Peter and Hinton, Geoffrey E and Neal, Radford M and Zemel, Richard S},
  journal={Neural computation},
  volume={7},
  number={5},
  pages={889--904},
  year={1995},
  publisher={MIT Press}
}
@article{lecun2015deep,
  title={Deep learning},
  author={LeCun, Yann and Bengio, Yoshua and Hinton, Geoffrey},
  journal={Nature},
  volume={521},
  number={7553},
  pages={436--444},
  year={2015},
  publisher={Nature Publishing Group}
}
@techreport{rumelhart1985learning,
  title={Learning internal representations by error propagation},
  author={Rumelhart, David E and Hinton, Geoffrey E and Williams, Ronald J},
  year={1985},
  institution={DTIC Document}
}
@inproceedings{theis2016note,
author = {Theis, Lucas and van den Oord, A{\"a}ron and Bethge, Matthias},
title = {{A note on the evaluation of generative models}},
booktitle = {International Conference on Learning Representations},
year = {2016}
}
@inproceedings{hinton1986learning,
  title={Learning distributed representations of concepts},
  author={Hinton, Geoffrey E},
  booktitle={Proceedings of the eighth annual conference of the cognitive science society},
  volume={1},
  pages={12},
  year={1986},
  organization={Amherst, MA}
}
@article{hochreiter1997long,
  title={Long short-term memory},
  author={Hochreiter, Sepp and Schmidhuber, J{\"u}rgen},
  journal={Neural computation},
  volume={9},
  number={8},
  pages={1735--1780},
  year={1997},
  publisher={MIT Press}
}
@article{oord2016pixel,
  title={Pixel recurrent neural networks},
  author={Oord, Aaron van den and Kalchbrenner, Nal and Kavukcuoglu, Koray},
  journal={arXiv preprint arXiv:1601.06759},
  year={2016}
}
@article{he2015deep,
  title={Deep residual learning for image recognition},
  author={He, Kaiming and Zhang, Xiangyu and Ren, Shaoqing and Sun, Jian},
  journal={arXiv preprint arXiv:1512.03385},
  year={2015}
}
@article{lecun1998gradient,
  title={Gradient-based learning applied to document recognition},
  author={LeCun, Yann and Bottou, L{\'e}on and Bengio, Yoshua and Haffner, Patrick},
  journal={Proceedings of the IEEE},
  volume={86},
  number={11},
  pages={2278--2324},
  year={1998},
  publisher={IEEE}
}
@article{hinton2006fast,
  title={A fast learning algorithm for deep belief nets},
  author={Hinton, Geoffrey E and Osindero, Simon and Teh, Yee-Whye},
  journal={Neural computation},
  volume={18},
  number={7},
  pages={1527--1554},
  year={2006},
  publisher={MIT Press}
}
@article{bengio2007greedy,
  title={Greedy layer-wise training of deep networks},
  author={Bengio, Yoshua and Lamblin, Pascal and Popovici, Dan and Larochelle, Hugo and others},
  journal={Advances in neural information processing systems},
  volume={19},
  pages={153},
  year={2007},
  publisher={MIT; 1998}
}
@article{jordan2013statistics,
  title={On statistics, computation and scalability},
  author={Jordan, Michael I},
  journal={Bernoulli},
  volume={19},
  number={4},
  pages={1378--1390},
  year={2013},
  publisher={Bernoulli Society for Mathematical Statistics and Probability}
}
@book{murphy2012machine,
  title={Machine learning: a probabilistic perspective},
  author={Murphy, Kevin P},
  year={2012},
  publisher={MIT press}
}
@article{gutmann2010noise,
author = {Gutmann, M and Hyv{\"a}rinen, A},
title = {{Noise-contrastive estimation: A new estimation principle for unnormalized statistical models.}},
journal = {Artificial Intelligence and Statistics},
year = {2010}
}
@article{hinton2002training,
  title={Training products of experts by minimizing contrastive divergence},
  author={Hinton, Geoffrey E},
  journal={Neural computation},
  volume={14},
  number={8},
  pages={1771--1800},
  year={2002},
  publisher={MIT Press}
}
@article{gelman2014expectation,
  title={Expectation propagation as a way of life},
  author={Gelman, Andrew and Vehtari, Aki and Jyl{\"a}nki, Pasi and Robert, Christian and Chopin, Nicolas and Cunningham, John P and Tran, Dustin and Sivula, Tuomas and Blomstedt, Paul},
  journal={Statistical Science (under review)},
  year={2014}
}
@inproceedings{welling2011bayesian,
author = {Welling, Max and Teh, Yee Whye},
title = {{Bayesian learning via stochastic gradient Langevin dynamics}},
booktitle = {International Conference on Machine Learning},
year = {2011}
}
@article{hinton2010practical,
  title={A practical guide to training restricted Boltzmann machines},
  author={Hinton, Geoffrey},
  journal={Momentum},
  volume={9},
  number={1},
  pages={926},
  year={2010}
}

@article{doucet2000on,
author = {Doucet, Arnaud and Godsill, Simon and Andrieu, Christophe},
title = {{On sequential Monte Carlo sampling methods for Bayesian filtering}},
journal = {Statistics and Computing},
year = {2000},
volume = {10},
number = {3},
pages = {197--208}
}

@inproceedings{broderick2013streaming,
author = {Broderick, Tamara and Boyd, Nicholas and Wibisono, Andre and Wilson, Ashia C and Jordan, Michael I},
title = {{Streaming Variational Bayes}},
booktitle = {Neural Information Processing Systems},
year = {2013},
}

@inproceedings{mcinerney2015population,
author = {McInerney, James and Ranganath, Rajesh and Blei, David M},
title = {{The Population Posterior and Bayesian Inference on Streams}},
booktitle = {Neural Information Processing Systems},
year = {2015}
}

@inproceedings{binder1997space,
  title={Space-efficient inference in dynamic probabilistic networks},
  author={Binder, John and Murphy, Kevin and Russell, Stuart},
  booktitle={International Joint Conference on Artificial Intelligence},
  year={1997},
}

@inproceedings{johnson2014stochastic,
  title={Stochastic Variational Inference for {B}ayesian Time Series Models},
  author={Johnson, Matthew and Willsky, Alan S},
  booktitle={International Conference on Machine Learning},
  year={2014}
}

@inproceedings{foti2014stochastic,
  title={Stochastic variational inference for hidden {M}arkov models},
  author={Foti, Nicholas and Xu, Jason and Laird, Dillon and Fox, Emily},
  booktitle={Neural Information Processing Systems},
  year={2014}
}

@article{diaconis1979conjugate,
author = {Diaconis, Persi and Ylvisaker, Donald},
title = {{Conjugate Priors for Exponential Families}},
journal = {The Annals of Statistics},
year = {1979},
volume = {7},
number = {2},
pages = {269--281}
}
@inproceedings{salakhutdinov2009deep,
  title={Deep {B}oltzmann Machines},
  author={Salakhutdinov, Ruslan and Hinton, Geoffrey E},
  booktitle={Artificial Intelligence and Statistics},
  year={2009}
}
@inproceedings{hinton1993keeping,
    Author = {Hinton, G. and Van Camp, D.},
    Booktitle = {Computational Learning Theory},
    Organization = {ACM},
    Pages = {5--13},
    Title = {Keeping the neural networks simple by minimizing the description length of the weights},
    Year = {1993}}

@inproceedings{waterhouse1996bayesian,
    Author = {Waterhouse, S. and MacKay, D. and Robinson, T.},
    booktitle = {Neural Information Processing Systems},
    Title = {{B}ayesian methods for mixtures of experts},
    Year = {1996}}
@article{jordan1999introduction,
  title={An introduction to variational methods for graphical models},
  author={Jordan, M. I. and Ghahramani, Z. and Jaakkola, T. S. and Saul, L. K.},
  journal={Machine Learning},
  volume={37},
  number={2},
  pages={183--233},
  year={1999},
  publisher={Springer}
}

@article{laplace1986memoir,
  title={Memoir on the probability of the causes of events},
  author={Laplace, Pierre Simon},
  journal={Statistical Science},
  volume={1},
  number={3},
  pages={364--378},
  year={1986},
  publisher={JSTOR}
}
@book{robert1999monte,
  Author = {Robert, Christian P and Casella, George},
  Publisher = {Springer},
  Title = {Monte Carlo Statistical Methods},
  Year = {1999}
}
@article{kschischang2001factor,
  title={Factor graphs and the sum-product algorithm},
  author={Kschischang, Frank R and Frey, Brendan J and Loeliger, H-A},
  journal={IEEE Transactions on information theory},
  volume={47},
  number={2},
  pages={498--519},
  year={2001},
  publisher={IEEE}
}
@article{hyvarinen2005estimation,
author = {Hyv{\"a}rinen, Aapo},
title = {{Estimation of Non-Normalized Statistical Models by Score Matching}},
journal = {Journal of Machine Learning Research},
year = {2005},
volume = {6},
number = {Apr},
pages = {695--709}
}
@inproceedings{stuhlmuller2013learning,
author = {Stuhlm{\"u}ller, Andreas and Taylor, Jacob and Goodman, Noah},
title = {{Learning Stochastic Inverses}},
booktitle = {Neural Information Processing Systems},
year = {2013}
}
@inproceedings{paige2016inference,
author = {Paige, Brooks and Wood, Frank},
title = {{Inference Networks for Sequential Monte Carlo in Graphical Models}},
booktitle = {International Conference on Machine Learning},
year = {2016},
pages = {1--10}
}
@article{winn2005variational,
  title={Variational message passing},
  author={Winn, John and Bishop, Christopher M.},
  journal={Journal of Machine Learning Research},
  volume={6},
  number={Apr},
  pages={661--694},
  year={2005}
}
@inproceedings{denton2015deep,
  title={Deep Generative Image Models using a {L}aplacian Pyramid of Adversarial Networks},
  author={Denton, Emily L and Chintala, Soumith and Fergus, Rob and others},
  booktitle={Neural Information Processing Systems},
  year={2015}
}
@inproceedings{li2015generative,
  title={Generative moment matching networks},
  author={Li, Yujia and Swersky, Kevin and Zemel, Richard},
  booktitle={International Conference on Machine Learning},
  year={2015}
}
@article{blei2003latent,
author = {Blei, David M and Ng, Andrew Y and Jordan, Michael I},
title = {{Latent Dirichlet Allocation}},
journal = {Journal of Machine Learning Research},
year = {2003},
volume = {3},
pages = {993--1022}
}
@inproceedings{mikolov2013distributed,
  title={Distributed representations of words and phrases and their compositionality},
  author={Mikolov, Tomas and Sutskever, Ilya and Chen, Kai and Corrado, Greg S and Dean, Jeff},
  booktitle={Neural Information Processing Systems},
  pages={3111--3119},
  year={2013}
}
@inproceedings{salakhutdinov2008quantitative,
  title={On the quantitative analysis of deep belief networks},
  author={Salakhutdinov, Ruslan and Murray, Iain},
  booktitle={International Conference on Machine Learning},
  year={2008},
}
@inproceedings{paisely2012variational,
author = {Paisley, John and Blei, David M. and Jordan, Michael},
title = {Variational {B}ayesian Inference with Stochastic Search},
booktitle = {International Conference on Machine Learning},
year = {2012},
}
@book{bishop2006pattern,
author = {Bishop, Christopher M.},
title = {{Pattern Recognition and Machine Learning}},
publisher = {Springer},
year = {2006}
}
@article{antoniak1974mixtures,
  title={Mixtures of Dirichlet processes with applications to Bayesian nonparametric problems},
  author={Antoniak, Charles E},
  journal={The Annals of Statistics},
  pages={1152--1174},
  year={1974},
}
@article{gelfand1990sampling,
  title={Sampling-based approaches to calculating marginal densities},
  author={Gelfand, Alan E and Smith, Adrian FM},
  journal={Journal of the American statistical association},
  volume={85},
  number={410},
  pages={398--409},
  year={1990},
  publisher={Taylor \& Francis Group}
}


@inproceedings{Ranganath:2014,
	Author = {Ranganath, Rajesh and Gerrish, Sean and Blei, David M.},
	Booktitle = {Artificial Intelligence and Statistics},
	Title = {Black box variational inference},
	Year = {2014}}


@inproceedings{Hoffman:2015,
	Author = {Hoffman, Matthew and Blei, David M.},
	Booktitle = {Artificial Intelligence and Statistics},
	Title = {Structured Stochastic Variational Inference},
	Year = {2015}}
@incollection{bottou2010large,
  title={Large-scale machine learning with stochastic gradient descent},
  author={Bottou, L{\'e}on},
  booktitle={Proceedings of COMPSTAT'2010},
  pages={177--186},
  year={2010},
  publisher={Springer}
}
@incollection{doucet2001introduction,
  title={An introduction to sequential Monte Carlo methods},
  author={Doucet, Arnaud and De Freitas, Nando and Gordon, Neil},
  booktitle={Sequential Monte Carlo methods in practice},
  pages={3--14},
  year={2001},
  publisher={Springer}
}
@article{tran2017deep,
author = {Tran, Dustin and Ranganath, Rajesh and Blei, David M},
title = {Deep and Hierarchical Implicit Models},
journal = {arXiv preprint arXiv:1702.08896},
year = {2017},
}
